@misc{problem-993e,
	title = {{Problem - 993E - Codeforces}},
	journal = {Codeforces},
	url = {https://codeforces.com/problemset/problem/993/E},
	howpublished = "\url{https://codeforces.com/problemset/problem/993/E}"
}

@article{fourier-transform,
	author = {Thummalapalli, Rohit},
	title = {{Fourier Transform: Nature{'}s Way of Analyzing Data}},
	journal = {Yale Scientific Magazine},
	year = {2010},
	month = {Dec},
	publisher = {Yale Scientific Magazine - 
        http://www.yalescientific.org},
	url = {http://www.yalescientific.org/2010/12/fourier-transform-natures-way-of-analyzing-data}
}

@misc{vnoi-fft,
	title = {{FFT}},
	journal = {VNOI},
	url = {http://vnoi.info/wiki/algo/trick/FFT},
	howpublished = "\url{http://vnoi.info/wiki/algo/trick/FFT}"
}

@misc{a-plus-b,
	title = {{POST2 - VNOI}},
	url = {http://vnoi.info/problems/show/POST2},
	howpublished = "\url{http://vnoi.info/problems/show/POST2}"
}
